@article{argent2004,
  title={An overview of model integration for environmental applicationsâ€”components, frameworks and semantics},
  author={Argent, Robert M},
  journal={Environmental Modelling \& Software},
  volume={19},
  number={3},
  pages={219--234},
  year={2004},
  publisher={Elsevier}
}

@article{berners2001,
  title={The semantic web},
  author={Berners-Lee, Tim and Hendler, James and Lassila, Ora and others},
  journal={Scientific american},
  volume={284},
  number={5},
  pages={28--37},
  year={2001},
  publisher={New York, NY, USA:}
}

@article{castronova2013,
  title={Models as web services using the open geospatial consortium (ogc) web processing service (wps) standard},
  author={Castronova, Anthony M and Goodall, Jonathan L and Elag, Mostafa M},
  journal={Environmental Modelling \& Software},
  volume={41},
  pages={72--83},
  year={2013},
  publisher={Elsevier}
}

@article{david2013,
  title={A software engineering perspective on environmental modeling framework design: The Object Modeling System},
  author={David, O and Ascough, JC and Lloyd, W and Green, TR and Rojas, KW and Leavesley, GH and Ahuja, LR},
  journal={Environmental Modelling \& Software},
  volume={39},
  pages={201--213},
  year={2013},
  publisher={Elsevier}
}

@article{elag2015,
  title={Semantic Interoperability of Long-Tail 426 Geoscience Resources over the Web},
  author={Elag, MM and Kumar, P and Marini, L and Peckham, SD},
  year={2015}
}

@article{geller2008,
  title={Looking forward: Applying an ecological model web to assess impacts of climate change},
  author={Geller, Gary N and Melton, Forrest},
  journal={Biodiversity},
  volume={9},
  number={3-4},
  pages={79--83},
  year={2008},
  publisher={Taylor \& Francis}
}

@inproceedings{geller2007,
  title={The model web: a concept for ecological forecasting},
  author={Geller, Gary N and Turner, Woody},
  booktitle={Geoscience and Remote Sensing Symposium, 2007. IGARSS 2007. IEEE International},
  pages={2469--2472},
  year={2007},
  organization={IEEE}
}

@article{goodall2011,
  title={Modeling water resource systems using a service-oriented computing paradigm},
  author={Goodall, Jonathan L and Robinson, Bella F and Castronova, Anthony M},
  journal={Environmental Modelling \& Software},
  volume={26},
  number={5},
  pages={573--582},
  year={2011},
  publisher={Elsevier}
}

@article{goodall2013,
  title={Coupling climate and hydrological models: Interoperability through Web Services},
  author={Goodall, Jonathan L and Saint, Kathleen D and Ercan, Mehmet B and Briley, Laura J and Murphy, Sylvia and You, Haihang and DeLuca, Cecelia and Rood, Richard B},
  journal={Environmental Modelling \& Software},
  volume={46},
  pages={250--259},
  year={2013},
  publisher={Elsevier}
}

@article{granell2010,
  title={Service-oriented applications for environmental models: Reusable geospatial services},
  author={Granell, Carlos and D{\'\i}az, Laura and Gould, Michael},
  journal={Environmental Modelling \& Software},
  volume={25},
  number={2},
  pages={182--198},
  year={2010},
  publisher={Elsevier}
}

@article{hill2004,
  title={The architecture of the earth system modeling framework},
  author={Hill, Chris and DeLuca, Cecelia and Suarez, Max and Da Silva, ARLINDO and others},
  journal={Computing in Science \& Engineering},
  volume={6},
  number={1},
  pages={18--28},
  year={2004},
  publisher={AIP Publishing}
}

@article{horsburgh2009,
  title={An integrated system for publishing environmental observations data},
  author={Horsburgh, Jeffery S and Tarboton, David G and Piasecki, Michael and Maidment, David R and Zaslavsky, Ilya and Valentine, David and Whitenack, Thomas},
  journal={Environmental Modelling \& Software},
  volume={24},
  number={8},
  pages={879--888},
  year={2009},
  publisher={Elsevier}
}

@article{laniak2013,
  title={Integrated environmental modeling: a vision and roadmap for the future},
  author={Laniak, Gerard F and Olchin, Gabriel and Goodall, Jonathan and Voinov, Alexey and Hill, Mary and Glynn, Pierre and Whelan, Gene and Geller, Gary and Quinn, Nigel and Blind, Michiel and others},
  journal={Environmental Modelling \& Software},
  volume={39},
  pages={3--23},
  year={2013},
  publisher={Elsevier}
}

@article{mineter2003,
  title={From stand-alone programs towards grid-aware services and components: a case study in agricultural modelling with interpolated climate data},
  author={Mineter, Michael J. and Jarvis, CH and Dowers, Steve},
  journal={Environmental Modelling \& Software},
  volume={18},
  number={4},
  pages={379--391},
  year={2003},
  publisher={Elsevier}
}

@article{moore2005,
  title={An overview of the open modelling interface and environment (the OpenMI)},
  author={Moore, Roger V and Tindall, C Isabella},
  journal={Environmental Science \& Policy},
  volume={8},
  number={3},
  pages={279--286},
  year={2005},
  publisher={Elsevier}
}

@article{nativi2013,
  title={Environmental model access and interoperability: The GEO Model Web initiative},
  author={Nativi, Stefano and Mazzetti, Paolo and Geller, Gary N},
  journal={Environmental Modelling \& Software},
  volume={39},
  pages={214--228},
  year={2013},
  publisher={Elsevier}
}

@article{schut2007opengis,
  title={OpenGIS web processing service},
  author={Schut, Peter and Whiteside, A},
  journal={OGC project document},
  year={2007}
}

@article{peckham2013,
  title={A component-based approach to integrated modeling in the geosciences: The design of CSDMS},
  author={Peckham, Scott D and Hutton, Eric WH and Norris, Boyana},
  journal={Computers \& Geosciences},
  volume={53},
  pages={3--12},
  year={2013},
  publisher={Elsevier}
}

@article{peckham2014CSN,
  title={The CSDMS Standard Names: Cross-Domain Naming Conventions for Describing Process Models, Data Sets and Their Associated Variables},
  author={Peckham, SD},
  journal={International Environmental Modelling and Software Society (iEMSs), San Diego, California, USA},
  year={2014}
}

@article{priestley1972,
  title={On the assessment of surface heat flux and evaporation using large-scale parameters},
  author={Priestley, CHB and Taylor, RJ},
  journal={Monthly weather review},
  volume={100},
  number={2},
  pages={81--92},
  year={1972}
}

@article{richards1931,
  title={Capillary conduction of liquids through porous mediums},
  author={Richards, Lorenzo Adolph},
  journal={Journal of Applied Physics},
  volume={1},
  number={5},
  pages={318--333},
  year={1931},
  publisher={AIP Publishing}
}

@article{schaeffer2008,
  title={Towards a transactional web processing service},
  author={Schaeffer, Bastian},
  journal={Proceedings of the GI-Days, M{\"u}nster},
  year={2008}
}

@inproceedings{vitolo2012,
  title={Hydrological Models as Web Services: An Implementation using OGC Standards},
  author={Vitolo, CLAUDIA and Buytaert, WOUTER and Reusser, D},
  booktitle={Proceedings of the 10th International Conference on Hydroinformatics, HIC, Hamburg, Germany},
  year={2012}
}

@incollection{yu2015,
  title={Towards Linked Data Conventions for Delivery of Environmental Data Using netCDF},
  author={Yu, Jonathan and Car, Nicholas J and Leadbetter, Adam and Simons, Bruce A and Cox, Simon JD},
  booktitle={Environmental Software Systems. Infrastructures, Services and Applications},
  pages={102--112},
  year={2015},
  publisher={Springer}
}